@article{AllanDanielB2019a,
  doi =		 {10.1080/08940886.2019.1608121},
  year =	 2019,
  month =	 may,
  publisher =	 {Informa {UK} Limited},
  volume =	 32,
  number =	 3,
  pages =	 {19--22},
  author =	 {Daniel Allan and Thomas Caswell and Stuart Campbell
                  and Maksim Rakitin},
  title =	 {Bluesky{\textquotesingle}s Ahead: A Multi-Facility
                  Collaboration for an a la Carte Software Project for
                  Data Acquisition and Management},
  journal =	 {Synchrotron Radiation News}
}

@article{DalesioLR1991a,
  author =	 {Dalesio, L. R. and Kraimer, M. R. and Kozubal,
                  A. J.},
  title =	 {EPICS Architecture},
  jouranl =	 {ICALEPCS},
  volume =	 91,
  year =	 1991,
}

@article{SalazarChaseA2021a,
  doi =		 {10.1063/5.0043007},
  year =	 2021,
  month =	 apr,
  publisher =	 {{AIP} Publishing},
  volume =	 92,
  number =	 4,
  pages =	 044103,
  author =	 {Chase A. Salazar and Blaise J. Thompson and Spring
                  M. M. Knapp and Steven R. Myers and Shannon
                  S. Stahl},
  title =	 {Multichannel gas-uptake/evolution reactor for
                  monitoring liquid-phase chemical reactions},
  journal =	 {Review of Scientific Instruments}
}

@article{WeberSebastien2021a,
  doi =		 {10.1063/5.0032116},
  year =	 2021,
  month =	 apr,
  publisher =	 {{AIP} Publishing},
  volume =	 92,
  number =	 4,
  pages =	 045104,
  author =	 {S. J. Weber},
  title =	 {{PyMoDAQ}: An open-source Python-based software for
                  modular data acquisition},
  journal =	 {Review of Scientific Instruments}
}

@misc{tango-controls.org,
  title =	 {TANGO Controls},
  date =	 {2022-04-01},
  url =		 {https://www.tango-controls.org/}
}
